@ARTICLE{Rochkind:1975,
  author={M. J. {Rochkind}},
  journal={IEEE Transactions on Software Engineering},
  title={The source code control system},
  year={1975},
  volume={SE-1},
  number={4},
  pages={364-370},
  keywords={programming;Source Code Control System;projects control;updating privileges;load modules;configuration management;program maintenance;software;control;software;project management;Control systems;Software;Documentation;Libraries;Laboratories;Process control;Configuration management;program maintenance;software control;software project management},
  doi={10.1109/TSE.1975.6312866},
  ISSN={0098-5589},
  month={Dec},
}
