@article{Glasser:1978,
 author = {Glasser, Alan L.},
 title = {The Evolution of a Source Code Control System},
 journal = {SIGSOFT Softw. Eng. Notes},
 issue_date = {November 1978},
 volume = {3},
 number = {5},
 month = jan,
 year = {1978},
 issn = {0163-5948},
 pages = {122--125},
 numpages = {4},
 url = {http://doi.acm.org/10.1145/953579.811111},
 doi = {10.1145/953579.811111},
 acmid = {811111},
 publisher = {ACM},
 address = {New York, NY, USA},
}
