@inproceedings{Tichy:1982,
 author = {Tichy, Walter F.},
 title = {Design, Implementation, and Evaluation of a Revision Control System},
 booktitle = {Proceedings of the 6th International Conference on Software Engineering},
 series = {ICSE '82},
 year = {1982},
 location = {Tokyo, Japan},
 pages = {58--67},
 numpages = {10},
 url = {http://dl.acm.org/citation.cfm?id=800254.807748},
 acmid = {807748},
 publisher = {IEEE Computer Society Press},
 address = {Los Alamitos, CA, USA},
}
