@article{Chen:2011,
 author = {Chen, Hsiang-Ting and Wei, Li-Yi and Chang, Chun-Fa},
 title = {Nonlinear Revision Control for Images},
 journal = {ACM Trans. Graph.},
 issue_date = {July 2011},
 volume = {30},
 number = {4},
 month = jul,
 year = {2011},
 issn = {0730-0301},
 pages = {105:1--105:10},
 articleno = {105},
 numpages = {10},
 url = {http://doi.acm.org/10.1145/2010324.1965000},
 doi = {10.1145/2010324.1965000},
 acmid = {1965000},
 publisher = {ACM},
 address = {New York, NY, USA},
 keywords = {images, interaction, nonlinear editing, revision control},
}
