@article{Ram:2013,
  title={Git can facilitate greater reproducibility and increased transparency in science},
  author={Ram, Karthik},
  journal={Source code for biology and medicine},
  volume={8},
  number={1},
  pages={7},
  year={2013},
  publisher={BioMed Central}
}

