@article{Stanisic:2015,
 author = {Stanisic, Luka and Legrand, Arnaud and Danjean, Vincent},
 title = {An Effective Git And Org-Mode Based Workflow For Reproducible Research},
 journal = {SIGOPS Oper. Syst. Rev.},
 issue_date = {January 2015},
 volume = {49},
 number = {1},
 month = jan,
 year = {2015},
 issn = {0163-5980},
 pages = {61--70},
 numpages = {10},
 url = {http://doi.acm.org/10.1145/2723872.2723881},
 doi = {10.1145/2723872.2723881},
 acmid = {2723881},
 publisher = {ACM},
 address = {New York, NY, USA},
}
